
@article{RN11,
   author = {Angel Cid, J.},
   title = {On the existence of periodic oscillations for pendulum-type equations},
   journal = {Advances in Nonlinear Analysis},
   volume = {10},
   number = {1},
   pages = {121-130},
   ISSN = {2191-9496},
   DOI = {10.1515/anona-2020-0222},
   url = {<Go to ISI>://WOS:000551246400001
https://www.degruyter.com/downloadpdf/journals/anona/10/1/article-p121.pdf},
   year = {2021},
   type = {Journal Article}
}

@article{RN20,
   author = {Capozzi, Francesco and Lisi, Eligio and Marrone, Antonio},
   title = {Mapping reactor neutrino spectra from TAO to JUNO},
   journal = {Physical Review D},
   volume = {102},
   number = {5},
   ISSN = {1550-7998},
   DOI = {10.1103/PhysRevD.102.056001},
   url = {<Go to ISI>://WOS:000565084300001
https://journals.aps.org/prd/pdf/10.1103/PhysRevD.102.056001},
   year = {2020},
   type = {Journal Article}
}

@article{RN18,
   author = {Gabriela Hamze, Julieta and Sanchez, Jose Maria and O'Callaghan, Elena and McDonald, Michael and Bermejo-Alvarez, Pablo and Romar, Raquel and Lonergan, Patrick and Jimenez-Movilla, Maria},
   title = {JUNO protein coated beads: A potential tool to predict bovine sperm fertilizing ability},
   journal = {Theriogenology},
   volume = {155},
   pages = {168-175},
   ISSN = {0093-691X},
   DOI = {10.1016/j.theriogenology.2020.05.025},
   url = {<Go to ISI>://WOS:000566760000018},
   year = {2020},
   type = {Journal Article}
}



@article{RN14,
   author = {Sumbatov, A. S.},
   title = {On equilibrium of the stand of a physical pendulum on a horizontal plane with dry friction},
   journal = {International Journal of Non-Linear Mechanics},
   volume = {126},
   ISSN = {0020-7462},
   DOI = {10.1016/j.ijnonlinmec.2020.103571},
   url = {<Go to ISI>://WOS:000568179400027},
   year = {2020},
   type = {Journal Article}
}

@article{RN13,
   author = {Yang, Tianye and Marafi, Nasser A. and Calvi, Paolo M. and Wiebe, Richard and Eberhard, Marc O. and Berman, Jeffrey W.},
   title = {Accounting for spectral shape in a simplified method of analyzing friction pendulum systems},
   journal = {Engineering Structures},
   volume = {222},
   ISSN = {0141-0296},
   DOI = {10.1016/j.engstruct.2020.111002},
   url = {<Go to ISI>://WOS:000571199000011},
   year = {2020},
   type = {Journal Article}
}

@book{RN5,
   author = {刘跃，张志津},
   title = {大学物理实验},
   publisher = {北京大学出版社},
   address = {北京},
   year = {2010},
   type = {Book}
}

@book{RN2,
   author = {沈韩，黄钢明，崔新图，等},
   title = {物理学实验教程（基础物理实验分册）修订版},
   publisher = {中山大学出版社},
   address = {广州},
   year = {2006},
   type = {Book}
}


@book{RN3,
   author = {赵凯华，罗蔚茵},
   title = {新概念物理教程力学（第二版）},
   publisher = {高等教育出版社},
   address = {北京},
   year = {2004},
   type = {Book}
}

